%YAML 1.1
%TAG !u! tag:unity3d.com,2011:
--- !u!29 &1
OcclusionCullingSettings:
  m_ObjectHideFlags: 0
  serializedVersion: 2
  m_OcclusionBakeSettings:
    smallestOccluder: 5
    smallestHole: 0.25
    backfaceThreshold: 100
  m_SceneGUID: 00000000000000000000000000000000
  m_OcclusionCullingData: {fileID: 0}
--- !u!104 &2
RenderSettings:
  m_ObjectHideFlags: 0
  serializedVersion: 9
  m_Fog: 0
  m_FogColor: {r: 0.5, g: 0.5, b: 0.5, a: 1}
  m_FogMode: 3
  m_FogDensity: 0.01
  m_LinearFogStart: 0
  m_LinearFogEnd: 300
  m_AmbientSkyColor: {r: 0.212, g: 0.227, b: 0.259, a: 1}
  m_AmbientEquatorColor: {r: 0.114, g: 0.125, b: 0.133, a: 1}
  m_AmbientGroundColor: {r: 0.047, g: 0.043, b: 0.035, a: 1}
  m_AmbientIntensity: 1
  m_AmbientMode: 0
  m_SubtractiveShadowColor: {r: 0.42, g: 0.478, b: 0.627, a: 1}
  m_SkyboxMaterial: {fileID: 10304, guid: 0000000000000000f000000000000000, type: 0}
  m_HaloStrength: 0.5
  m_FlareStrength: 1
  m_FlareFadeSpeed: 3
  m_HaloTexture: {fileID: 0}
  m_SpotCookie: {fileID: 10001, guid: 0000000000000000e000000000000000, type: 0}
  m_DefaultReflectionMode: 0
  m_DefaultReflectionResolution: 128
  m_ReflectionBounces: 1
  m_ReflectionIntensity: 1
  m_CustomReflection: {fileID: 0}
  m_Sun: {fileID: 0}
  m_IndirectSpecularColor: {r: 0.44657898, g: 0.4964133, b: 0.5748178, a: 1}
  m_UseRadianceAmbientProbe: 0
--- !u!157 &3
LightmapSettings:
  m_ObjectHideFlags: 0
  serializedVersion: 12
  m_GIWorkflowMode: 1
  m_GISettings:
    serializedVersion: 2
    m_BounceScale: 1
    m_IndirectOutputScale: 1
    m_AlbedoBoost: 1
    m_EnvironmentLightingMode: 0
    m_EnableBakedLightmaps: 1
    m_EnableRealtimeLightmaps: 0
  m_LightmapEditorSettings:
    serializedVersion: 12
    m_Resolution: 2
    m_BakeResolution: 40
    m_AtlasSize: 1024
    m_AO: 0
    m_AOMaxDistance: 1
    m_CompAOExponent: 1
    m_CompAOExponentDirect: 0
    m_ExtractAmbientOcclusion: 0
    m_Padding: 2
    m_LightmapParameters: {fileID: 0}
    m_LightmapsBakeMode: 1
    m_TextureCompression: 1
    m_FinalGather: 0
    m_FinalGatherFiltering: 1
    m_FinalGatherRayCount: 256
    m_ReflectionCompression: 2
    m_MixedBakeMode: 2
    m_BakeBackend: 1
    m_PVRSampling: 1
    m_PVRDirectSampleCount: 32
    m_PVRSampleCount: 512
    m_PVRBounces: 2
    m_PVREnvironmentSampleCount: 256
    m_PVREnvironmentReferencePointCount: 2048
    m_PVRFilteringMode: 1
    m_PVRDenoiserTypeDirect: 1
    m_PVRDenoiserTypeIndirect: 1
    m_PVRDenoiserTypeAO: 1
    m_PVRFilterTypeDirect: 0
    m_PVRFilterTypeIndirect: 0
    m_PVRFilterTypeAO: 0
    m_PVREnvironmentMIS: 1
    m_PVRCulling: 1
    m_PVRFilteringGaussRadiusDirect: 1
    m_PVRFilteringGaussRadiusIndirect: 5
    m_PVRFilteringGaussRadiusAO: 2
    m_PVRFilteringAtrousPositionSigmaDirect: 0.5
    m_PVRFilteringAtrousPositionSigmaIndirect: 2
    m_PVRFilteringAtrousPositionSigmaAO: 1
    m_ExportTrainingData: 0
    m_TrainingDataDestination: TrainingData
    m_LightProbeSampleCountMultiplier: 4
  m_LightingDataAsset: {fileID: 0}
  m_LightingSettings: {fileID: 0}
--- !u!196 &4
NavMeshSettings:
  serializedVersion: 2
  m_ObjectHideFlags: 0
  m_BuildSettings:
    serializedVersion: 2
    agentTypeID: 0
    agentRadius: 0.5
    agentHeight: 2
    agentSlope: 45
    agentClimb: 0.4
    ledgeDropHeight: 0
    maxJumpAcrossDistance: 0
    minRegionArea: 2
    manualCellSize: 0
    cellSize: 0.16666667
    manualTileSize: 0
    tileSize: 256
    accuratePlacement: 0
    maxJobWorkers: 0
    preserveTilesOutsideBounds: 0
    debug:
      m_Flags: 0
  m_NavMeshData: {fileID: 0}
--- !u!1001 &548030818
PrefabInstance:
  m_ObjectHideFlags: 0
  serializedVersion: 2
  m_Modification:
    m_TransformParent: {fileID: 0}
    m_Modifications:
    - target: {fileID: -8679921383154817045, guid: 64fc4e53007324f47849d78546b95553, type: 3}
      propertyPath: m_RootOrder
      value: 1
      objectReference: {fileID: 0}
    - target: {fileID: -8679921383154817045, guid: 64fc4e53007324f47849d78546b95553, type: 3}
      propertyPath: m_LocalScale.x
      value: 0.5
      objectReference: {fileID: 0}
    - target: {fileID: -8679921383154817045, guid: 64fc4e53007324f47849d78546b95553, type: 3}
      propertyPath: m_LocalScale.y
      value: 0.5
      objectReference: {fileID: 0}
    - target: {fileID: -8679921383154817045, guid: 64fc4e53007324f47849d78546b95553, type: 3}
      propertyPath: m_LocalScale.z
      value: 0.5
      objectReference: {fileID: 0}
    - target: {fileID: -8679921383154817045, guid: 64fc4e53007324f47849d78546b95553, type: 3}
      propertyPath: m_LocalPosition.x
      value: 0
      objectReference: {fileID: 0}
    - target: {fileID: -8679921383154817045, guid: 64fc4e53007324f47849d78546b95553, type: 3}
      propertyPath: m_LocalPosition.y
      value: 0
      objectReference: {fileID: 0}
    - target: {fileID: -8679921383154817045, guid: 64fc4e53007324f47849d78546b95553, type: 3}
      propertyPath: m_LocalPosition.z
      value: 0
      objectReference: {fileID: 0}
    - target: {fileID: -8679921383154817045, guid: 64fc4e53007324f47849d78546b95553, type: 3}
      propertyPath: m_LocalRotation.w
      value: 1
      objectReference: {fileID: 0}
    - target: {fileID: -8679921383154817045, guid: 64fc4e53007324f47849d78546b95553, type: 3}
      propertyPath: m_LocalRotation.x
      value: 0
      objectReference: {fileID: 0}
    - target: {fileID: -8679921383154817045, guid: 64fc4e53007324f47849d78546b95553, type: 3}
      propertyPath: m_LocalRotation.y
      value: -0
      objectReference: {fileID: 0}
    - target: {fileID: -8679921383154817045, guid: 64fc4e53007324f47849d78546b95553, type: 3}
      propertyPath: m_LocalRotation.z
      value: -0
      objectReference: {fileID: 0}
    - target: {fileID: -8679921383154817045, guid: 64fc4e53007324f47849d78546b95553, type: 3}
      propertyPath: m_LocalEulerAnglesHint.x
      value: 0
      objectReference: {fileID: 0}
    - target: {fileID: -8679921383154817045, guid: 64fc4e53007324f47849d78546b95553, type: 3}
      propertyPath: m_LocalEulerAnglesHint.y
      value: 0
      objectReference: {fileID: 0}
    - target: {fileID: -8679921383154817045, guid: 64fc4e53007324f47849d78546b95553, type: 3}
      propertyPath: m_LocalEulerAnglesHint.z
      value: 0
      objectReference: {fileID: 0}
    - target: {fileID: -7511558181221131132, guid: 64fc4e53007324f47849d78546b95553, type: 3}
      propertyPath: m_ReceiveShadows
      value: 0
      objectReference: {fileID: 0}
    - target: {fileID: -7511558181221131132, guid: 64fc4e53007324f47849d78546b95553, type: 3}
      propertyPath: m_SelectedEditorRenderState
      value: 2
      objectReference: {fileID: 0}
    - target: {fileID: -5754084199372789682, guid: 64fc4e53007324f47849d78546b95553, type: 3}
      propertyPath: m_Mesh
      value: 
      objectReference: {fileID: 1258709491}
    - target: {fileID: 919132149155446097, guid: 64fc4e53007324f47849d78546b95553, type: 3}
      propertyPath: m_Name
      value: CirclePlane
      objectReference: {fileID: 0}
    m_RemovedComponents: []
  m_SourcePrefab: {fileID: 100100000, guid: 64fc4e53007324f47849d78546b95553, type: 3}
--- !u!1 &548030819 stripped
GameObject:
  m_CorrespondingSourceObject: {fileID: 919132149155446097, guid: 64fc4e53007324f47849d78546b95553, type: 3}
  m_PrefabInstance: {fileID: 548030818}
  m_PrefabAsset: {fileID: 0}
--- !u!114 &548030820
MonoBehaviour:
  m_ObjectHideFlags: 0
  m_CorrespondingSourceObject: {fileID: 0}
  m_PrefabInstance: {fileID: 0}
  m_PrefabAsset: {fileID: 0}
  m_GameObject: {fileID: 548030819}
  m_Enabled: 1
  m_EditorHideFlags: 0
  m_Script: {fileID: 11500000, guid: 8233d90336aea43098adf6dbabd606a2, type: 3}
  m_Name: 
  m_EditorClassIdentifier: 
  m_MeshFormatVersion: 1
  m_Faces:
  - m_Indexes: 000000000100000002000000000000000300000001000000
    m_SmoothingGroup: 0
    m_Uv:
      m_UseWorldSpace: 0
      m_FlipU: 0
      m_FlipV: 0
      m_SwapUV: 0
      m_Fill: 1
      m_Scale: {x: 1, y: 1}
      m_Offset: {x: 0, y: 0}
      m_Rotation: 0
      m_Anchor: 9
    m_Material: {fileID: 0}
    m_SubmeshIndex: 0
    m_ManualUV: 1
    elementGroup: -1
    m_TextureGroup: -1
  - m_Indexes: 04000000050000000600000004000000060000000d000000
    m_SmoothingGroup: 0
    m_Uv:
      m_UseWorldSpace: 0
      m_FlipU: 0
      m_FlipV: 0
      m_SwapUV: 0
      m_Fill: 1
      m_Scale: {x: 1, y: 1}
      m_Offset: {x: 0, y: 0}
      m_Rotation: 0
      m_Anchor: 9
    m_Material: {fileID: 0}
    m_SubmeshIndex: 0
    m_ManualUV: 1
    elementGroup: -1
    m_TextureGroup: -1
  - m_Indexes: 07000000080000000900000007000000090000000e000000
    m_SmoothingGroup: 0
    m_Uv:
      m_UseWorldSpace: 0
      m_FlipU: 0
      m_FlipV: 0
      m_SwapUV: 0
      m_Fill: 1
      m_Scale: {x: 1, y: 1}
      m_Offset: {x: 0, y: 0}
      m_Rotation: 0
      m_Anchor: 9
    m_Material: {fileID: 0}
    m_SubmeshIndex: 0
    m_ManualUV: 1
    elementGroup: -1
    m_TextureGroup: -1
  - m_Indexes: 0a0000000b0000000c0000000a0000000c00000024000000
    m_SmoothingGroup: 0
    m_Uv:
      m_UseWorldSpace: 0
      m_FlipU: 0
      m_FlipV: 0
      m_SwapUV: 0
      m_Fill: 1
      m_Scale: {x: 1, y: 1}
      m_Offset: {x: 0, y: 0}
      m_Rotation: 0
      m_Anchor: 9
    m_Material: {fileID: 0}
    m_SubmeshIndex: 0
    m_ManualUV: 1
    elementGroup: -1
    m_TextureGroup: -1
  - m_Indexes: 0f00000010000000110000000f0000001500000010000000
    m_SmoothingGroup: 0
    m_Uv:
      m_UseWorldSpace: 0
      m_FlipU: 0
      m_FlipV: 0
      m_SwapUV: 0
      m_Fill: 1
      m_Scale: {x: 1, y: 1}
      m_Offset: {x: 0, y: 0}
      m_Rotation: 0
      m_Anchor: 9
    m_Material: {fileID: 0}
    m_SubmeshIndex: 0
    m_ManualUV: 1
    elementGroup: -1
    m_TextureGroup: -1
  - m_Indexes: 120000001300000014000000120000002c00000013000000
    m_SmoothingGroup: 0
    m_Uv:
      m_UseWorldSpace: 0
      m_FlipU: 0
      m_FlipV: 0
      m_SwapUV: 0
      m_Fill: 1
      m_Scale: {x: 1, y: 1}
      m_Offset: {x: 0, y: 0}
      m_Rotation: 0
      m_Anchor: 9
    m_Material: {fileID: 0}
    m_SubmeshIndex: 0
    m_ManualUV: 1
    elementGroup: -1
    m_TextureGroup: -1
  - m_Indexes: 160000001700000018000000160000001800000025000000
    m_SmoothingGroup: 0
    m_Uv:
      m_UseWorldSpace: 0
      m_FlipU: 0
      m_FlipV: 0
      m_SwapUV: 0
      m_Fill: 1
      m_Scale: {x: 1, y: 1}
      m_Offset: {x: 0, y: 0}
      m_Rotation: 0
      m_Anchor: 9
    m_Material: {fileID: 0}
    m_SubmeshIndex: 0
    m_ManualUV: 1
    elementGroup: -1
    m_TextureGroup: -1
  - m_Indexes: 190000001a0000001b000000190000001b0000001f000000
    m_SmoothingGroup: 0
    m_Uv:
      m_UseWorldSpace: 0
      m_FlipU: 0
      m_FlipV: 0
      m_SwapUV: 0
      m_Fill: 1
      m_Scale: {x: 1, y: 1}
      m_Offset: {x: 0, y: 0}
      m_Rotation: 0
      m_Anchor: 9
    m_Material: {fileID: 0}
    m_SubmeshIndex: 0
    m_ManualUV: 1
    elementGroup: -1
    m_TextureGroup: -1
  - m_Indexes: 1c0000001d0000001e0000001c0000001e00000020000000
    m_SmoothingGroup: 0
    m_Uv:
      m_UseWorldSpace: 0
      m_FlipU: 0
      m_FlipV: 0
      m_SwapUV: 0
      m_Fill: 1
      m_Scale: {x: 1, y: 1}
      m_Offset: {x: 0, y: 0}
      m_Rotation: 0
      m_Anchor: 9
    m_Material: {fileID: 0}
    m_SubmeshIndex: 0
    m_ManualUV: 1
    elementGroup: -1
    m_TextureGroup: -1
  - m_Indexes: 210000002200000023000000210000003c00000022000000
    m_SmoothingGroup: 0
    m_Uv:
      m_UseWorldSpace: 0
      m_FlipU: 0
      m_FlipV: 0
      m_SwapUV: 0
      m_Fill: 1
      m_Scale: {x: 1, y: 1}
      m_Offset: {x: 0, y: 0}
      m_Rotation: 0
      m_Anchor: 9
    m_Material: {fileID: 0}
    m_SubmeshIndex: 0
    m_ManualUV: 1
    elementGroup: -1
    m_TextureGroup: -1
  - m_Indexes: 260000002700000028000000260000002d00000027000000
    m_SmoothingGroup: 0
    m_Uv:
      m_UseWorldSpace: 0
      m_FlipU: 0
      m_FlipV: 0
      m_SwapUV: 0
      m_Fill: 1
      m_Scale: {x: 1, y: 1}
      m_Offset: {x: 0, y: 0}
      m_Rotation: 0
      m_Anchor: 9
    m_Material: {fileID: 0}
    m_SubmeshIndex: 0
    m_ManualUV: 1
    elementGroup: -1
    m_TextureGroup: -1
  - m_Indexes: 290000002a0000002b000000290000003d0000002a000000
    m_SmoothingGroup: 0
    m_Uv:
      m_UseWorldSpace: 0
      m_FlipU: 0
      m_FlipV: 0
      m_SwapUV: 0
      m_Fill: 1
      m_Scale: {x: 1, y: 1}
      m_Offset: {x: 0, y: 0}
      m_Rotation: 0
      m_Anchor: 9
    m_Material: {fileID: 0}
    m_SubmeshIndex: 0
    m_ManualUV: 1
    elementGroup: -1
    m_TextureGroup: -1
  - m_Indexes: 2e0000002f000000300000002e0000003000000034000000
    m_SmoothingGroup: 0
    m_Uv:
      m_UseWorldSpace: 0
      m_FlipU: 0
      m_FlipV: 0
      m_SwapUV: 0
      m_Fill: 1
      m_Scale: {x: 1, y: 1}
      m_Offset: {x: 0, y: 0}
      m_Rotation: 0
      m_Anchor: 9
    m_Material: {fileID: 0}
    m_SubmeshIndex: 0
    m_ManualUV: 1
    elementGroup: -1
    m_TextureGroup: -1
  - m_Indexes: 310000003200000033000000310000003300000035000000
    m_SmoothingGroup: 0
    m_Uv:
      m_UseWorldSpace: 0
      m_FlipU: 0
      m_FlipV: 0
      m_SwapUV: 0
      m_Fill: 1
      m_Scale: {x: 1, y: 1}
      m_Offset: {x: 0, y: 0}
      m_Rotation: 0
      m_Anchor: 9
    m_Material: {fileID: 0}
    m_SubmeshIndex: 0
    m_ManualUV: 1
    elementGroup: -1
    m_TextureGroup: -1
  - m_Indexes: 360000003700000038000000360000003e00000037000000
    m_SmoothingGroup: 0
    m_Uv:
      m_UseWorldSpace: 0
      m_FlipU: 0
      m_FlipV: 0
      m_SwapUV: 0
      m_Fill: 1
      m_Scale: {x: 1, y: 1}
      m_Offset: {x: 0, y: 0}
      m_Rotation: 0
      m_Anchor: 9
    m_Material: {fileID: 0}
    m_SubmeshIndex: 0
    m_ManualUV: 1
    elementGroup: -1
    m_TextureGroup: -1
  - m_Indexes: 390000003a0000003b000000390000003f0000003a000000
    m_SmoothingGroup: 0
    m_Uv:
      m_UseWorldSpace: 0
      m_FlipU: 0
      m_FlipV: 0
      m_SwapUV: 0
      m_Fill: 1
      m_Scale: {x: 1, y: 1}
      m_Offset: {x: 0, y: 0}
      m_Rotation: 0
      m_Anchor: 9
    m_Material: {fileID: 0}
    m_SubmeshIndex: 0
    m_ManualUV: 1
    elementGroup: -1
    m_TextureGroup: -1
  m_SharedVertices:
  - m_Vertices: 0000000006000000
  - m_Vertices: 0100000007000000
  - m_Vertices: 02000000
  - m_Vertices: 0300000005000000080000000b000000
  - m_Vertices: 040000000c0000001000000016000000
  - m_Vertices: 090000000a0000001200000027000000
  - m_Vertices: 0d00000011000000
  - m_Vertices: 0e00000014000000
  - m_Vertices: 0f0000001b000000
  - m_Vertices: 130000002e000000
  - m_Vertices: 15000000170000001a0000001d000000
  - m_Vertices: 180000001c0000002200000029000000
  - m_Vertices: 190000001e000000
  - m_Vertices: 1f000000
  - m_Vertices: 2000000023000000
  - m_Vertices: 210000003a000000
  - m_Vertices: 2400000025000000280000002b000000
  - m_Vertices: 260000002a0000003300000036000000
  - m_Vertices: 2c0000002d0000002f00000032000000
  - m_Vertices: 3000000031000000
  - m_Vertices: 34000000
  - m_Vertices: 3500000038000000
  - m_Vertices: 3700000039000000
  - m_Vertices: 3b000000
  - m_Vertices: 3c0000003d0000003e0000003f000000
  m_SharedTextures: []
  m_Positions:
  - {x: 92.38796, y: 0, z: 38.268345}
  - {x: 38.26834, y: 0, z: 92.38796}
  - {x: 70.71068, y: 0, z: 70.71068}
  - {x: 42.67767, y: 0, z: 42.67767}
  - {x: 50, y: 0, z: -0.0000009536743}
  - {x: 42.67767, y: 0, z: 42.67767}
  - {x: 92.38796, y: 0, z: 38.268345}
  - {x: 38.26834, y: 0, z: 92.38796}
  - {x: 42.67767, y: 0, z: 42.67767}
  - {x: -0.0000026973983, y: 0, z: 50}
  - {x: -0.0000026973983, y: 0, z: 50}
  - {x: 42.67767, y: 0, z: 42.67767}
  - {x: 50, y: 0, z: -0.0000009536743}
  - {x: 100, y: 0, z: 0}
  - {x: -0.0000053947965, y: 0, z: 100}
  - {x: 92.38796, y: 0, z: -38.268345}
  - {x: 50, y: 0, z: -0.0000009536743}
  - {x: 100, y: 0, z: 0}
  - {x: -0.0000026973983, y: 0, z: 50}
  - {x: -38.26835, y: 0, z: 92.387955}
  - {x: -0.0000053947965, y: 0, z: 100}
  - {x: 42.677673, y: 0, z: -42.67767}
  - {x: 50, y: 0, z: -0.0000009536743}
  - {x: 42.677673, y: 0, z: -42.67767}
  - {x: 0.0000026973983, y: 0, z: -50}
  - {x: 38.268345, y: 0, z: -92.387955}
  - {x: 42.677673, y: 0, z: -42.67767}
  - {x: 92.38796, y: 0, z: -38.268345}
  - {x: 0.0000026973983, y: 0, z: -50}
  - {x: 42.677673, y: 0, z: -42.67767}
  - {x: 38.268345, y: 0, z: -92.387955}
  - {x: 70.71068, y: 0, z: -70.71068}
  - {x: 0.0000053947965, y: 0, z: -100}
  - {x: -38.268333, y: 0, z: -92.387955}
  - {x: 0.0000026973983, y: 0, z: -50}
  - {x: 0.0000053947965, y: 0, z: -100}
  - {x: 0, y: 0, z: -0.0000019073486}
  - {x: 0, y: 0, z: -0.0000019073486}
  - {x: -50, y: 0, z: -0.0000036510726}
  - {x: -0.0000026973983, y: 0, z: 50}
  - {x: 0, y: 0, z: -0.0000019073486}
  - {x: 0.0000026973983, y: 0, z: -50}
  - {x: -50, y: 0, z: -0.0000036510726}
  - {x: 0, y: 0, z: -0.0000019073486}
  - {x: -42.677673, y: 0, z: 42.677666}
  - {x: -42.677673, y: 0, z: 42.677666}
  - {x: -38.26835, y: 0, z: 92.387955}
  - {x: -42.677673, y: 0, z: 42.677666}
  - {x: -92.38796, y: 0, z: 38.268337}
  - {x: -92.38796, y: 0, z: 38.268337}
  - {x: -42.677673, y: 0, z: 42.677666}
  - {x: -50, y: 0, z: -0.0000036510726}
  - {x: -70.710686, y: 0, z: 70.71068}
  - {x: -100, y: 0, z: -0.0000053947965}
  - {x: -50, y: 0, z: -0.0000036510726}
  - {x: -92.387955, y: 0, z: -38.268353}
  - {x: -100, y: 0, z: -0.0000053947965}
  - {x: -92.387955, y: 0, z: -38.268353}
  - {x: -38.268333, y: 0, z: -92.387955}
  - {x: -70.71067, y: 0, z: -70.710686}
  - {x: -42.677666, y: 0, z: -42.677673}
  - {x: -42.677666, y: 0, z: -42.677673}
  - {x: -42.677666, y: 0, z: -42.677673}
  - {x: -42.677666, y: 0, z: -42.677673}
  m_Textures0:
  - {x: 0.03806019, y: 0.30865827}
  - {x: 0.3086583, y: 0.03806019}
  - {x: 0.14644662, y: 0.14644662}
  - {x: 0.28661165, y: 0.28661165}
  - {x: 0.25, y: 0.5}
  - {x: 0.28661165, y: 0.28661165}
  - {x: 0.03806019, y: 0.30865827}
  - {x: 0.3086583, y: 0.03806019}
  - {x: 0.28661165, y: 0.28661165}
  - {x: 0.5, y: 0.25}
  - {x: 0.5, y: 0.25}
  - {x: 0.28661165, y: 0.28661165}
  - {x: 0.25, y: 0.5}
  - {x: 0, y: 0.5}
  - {x: 0.50000006, y: 0}
  - {x: 0.03806019, y: 0.6913417}
  - {x: 0.25, y: 0.5}
  - {x: 0, y: 0.5}
  - {x: 0.5, y: 0.25}
  - {x: 0.6913417, y: 0.038060226}
  - {x: 0.50000006, y: 0}
  - {x: 0.28661165, y: 0.7133884}
  - {x: 0.25, y: 0.5}
  - {x: 0.28661165, y: 0.7133884}
  - {x: 0.5, y: 0.75}
  - {x: 0.30865827, y: 0.96193975}
  - {x: 0.28661165, y: 0.7133884}
  - {x: 0.03806019, y: 0.6913417}
  - {x: 0.5, y: 0.75}
  - {x: 0.28661165, y: 0.7133884}
  - {x: 0.30865827, y: 0.96193975}
  - {x: 0.14644662, y: 0.8535534}
  - {x: 0.49999997, y: 1}
  - {x: 0.6913417, y: 0.96193975}
  - {x: 0.5, y: 0.75}
  - {x: 0.49999997, y: 1}
  - {x: 0.5, y: 0.5}
  - {x: 0.5, y: 0.5}
  - {x: 0.75, y: 0.5}
  - {x: 0.5, y: 0.25}
  - {x: 0.5, y: 0.5}
  - {x: 0.5, y: 0.75}
  - {x: 0.75, y: 0.5}
  - {x: 0.5, y: 0.5}
  - {x: 0.7133884, y: 0.28661168}
  - {x: 0.7133884, y: 0.28661168}
  - {x: 0.6913417, y: 0.038060226}
  - {x: 0.7133884, y: 0.28661168}
  - {x: 0.9619399, y: 0.3086583}
  - {x: 0.9619399, y: 0.3086583}
  - {x: 0.7133884, y: 0.28661168}
  - {x: 0.75, y: 0.5}
  - {x: 0.8535535, y: 0.14644662}
  - {x: 1, y: 0.50000006}
  - {x: 0.75, y: 0.5}
  - {x: 0.96193975, y: 0.69134176}
  - {x: 1, y: 0.50000006}
  - {x: 0.96193975, y: 0.69134176}
  - {x: 0.6913417, y: 0.96193975}
  - {x: 0.8535533, y: 0.8535535}
  - {x: 0.7133884, y: 0.7133884}
  - {x: 0.7133884, y: 0.7133884}
  - {x: 0.7133884, y: 0.7133884}
  - {x: 0.7133884, y: 0.7133884}
  m_Textures2: []
  m_Textures3: []
  m_Tangents:
  - {x: -1, y: 0, z: -0.0000000745814, w: -1}
  - {x: -1, y: 0, z: -0.0000000745814, w: -1}
  - {x: -1, y: 0, z: -0.00000013735044, w: -1}
  - {x: -1, y: 0, z: -0.000000011812368, w: -1}
  - {x: -1, y: 0, z: -0.000000013149068, w: -1}
  - {x: -1, y: 0, z: -0.0000000072246484, w: -1}
  - {x: -1, y: 0, z: -0.000000013149068, w: -1}
  - {x: -1, y: 0, z: 0.0000000120930475, w: -1}
  - {x: -1, y: 0, z: 0.000000024186095, w: -1}
  - {x: -1, y: 0, z: 0.0000000120930475, w: -1}
  - {x: -1, y: 0, z: 0.000000016858737, w: -1}
  - {x: -1, y: 0, z: 0.000000033717473, w: -1}
  - {x: -1, y: 0, z: 0.000000016858737, w: -1}
  - {x: -1, y: 0, z: -0.000000019073486, w: -1}
  - {x: -1, y: 0, z: 0, w: -1}
  - {x: -1, y: 0, z: 0.00000011907953, w: -1}
  - {x: -1, y: 0, z: 0.00000011907953, w: -1}
  - {x: -1, y: 0, z: 0, w: -1}
  - {x: -1, y: 0, z: -0.000000015055821, w: -1}
  - {x: -1, y: 0, z: -0.000000015055821, w: -1}
  - {x: -1, y: 0, z: -0.000000043611244, w: -1}
  - {x: -1, y: 0, z: 0.00000023815909, w: -1}
  - {x: -1, y: 0, z: -0.00000011068915, w: -1}
  - {x: -1, y: 0, z: -0.00000020230483, w: -1}
  - {x: -1, y: 0, z: -0.00000011068915, w: -1}
  - {x: -1, y: 0, z: -0.00000030256322, w: -1}
  - {x: -1, y: 0, z: 0.00000027196043, w: -1}
  - {x: -1, y: 0, z: -0.00000030256322, w: -1}
  - {x: -1, y: 0, z: -0.000000008966226, w: -1}
  - {x: -1, y: 0, z: -0.00000013007566, w: -1}
  - {x: -1, y: 0, z: -0.000000008966226, w: -1}
  - {x: -1, y: 0, z: -0.00000087708673, w: -1}
  - {x: -1, y: 0, z: 0.00000011214321, w: -1}
  - {x: -1, y: 0, z: -0.00000002973153, w: -1}
  - {x: -1, y: 0, z: -0.00000002973153, w: -1}
  - {x: -1, y: 0, z: -0.00000011214321, w: -1}
  - {x: -1, y: 0, z: 0, w: -1}
  - {x: -1, y: 0, z: -0.000000019073486, w: -1}
  - {x: -1, y: 0, z: 0.000000003950252, w: -1}
  - {x: -1, y: 0, z: 0.000000003950252, w: -1}
  - {x: -1, y: 0, z: -0.00000003487448, w: -1}
  - {x: -1, y: 0, z: 0.000000016957964, w: -1}
  - {x: -1, y: 0, z: 0.000000016957964, w: -1}
  - {x: -1, y: 0, z: -0.000000076293944, w: -1}
  - {x: -1, y: 0, z: 0.000000013499615, w: -1}
  - {x: -1, y: 0, z: 0.000000042774992, w: -1}
  - {x: -1, y: 0, z: 0.000000040782652, w: -1}
  - {x: -1, y: 0, z: -0.00000007239549, w: -1}
  - {x: -1, y: 0, z: 0.000000040782652, w: -1}
  - {x: -1, y: 0, z: 0.00000009014914, w: -1}
  - {x: -1, y: 0, z: -0.000000058120275, w: -1}
  - {x: -1, y: 0, z: 0.00000009014914, w: -1}
  - {x: -1, y: 0, z: 0.00000015396088, w: -1}
  - {x: -1, y: 0, z: 0.00000023841852, w: -1}
  - {x: -1, y: 0, z: 0.00000006548726, w: -1}
  - {x: -1, y: 0, z: 0.00000006548726, w: -1}
  - {x: -1, y: 0, z: 0.00000020354413, w: -1}
  - {x: -1, y: 0, z: 0.00000050766255, w: -1}
  - {x: -1, y: 0, z: 0.00000050766255, w: -1}
  - {x: -1, y: 0, z: 0.0000011160615, w: -1}
  - {x: -1, y: 0, z: 0.000000052680146, w: -1}
  - {x: -1, y: 0, z: 0.00000011020989, w: -1}
  - {x: -1, y: 0, z: -0.00000007256958, w: -1}
  - {x: -1, y: 0, z: -0.00000010073698, w: -1}
  m_Colors: []
  m_UnwrapParameters:
    m_HardAngle: 88
    m_PackMargin: 20
    m_AngleError: 8
    m_AreaError: 15
  m_PreserveMeshAssetOnDestroy: 0
  assetGuid: 
  m_Mesh: {fileID: 1258709491}
  m_IsSelectable: 1
  m_SelectedFaces: 
  m_SelectedEdges: []
  m_SelectedVertices: 
--- !u!43 &1258709491
Mesh:
  m_ObjectHideFlags: 0
  m_CorrespondingSourceObject: {fileID: 0}
  m_PrefabInstance: {fileID: 0}
  m_PrefabAsset: {fileID: 0}
  m_Name: pb_Mesh-8682
  serializedVersion: 10
  m_SubMeshes:
  - serializedVersion: 2
    firstByte: 0
    indexCount: 96
    topology: 0
    baseVertex: 0
    firstVertex: 0
    vertexCount: 25
    localAABB:
      m_Center: {x: 0, y: 0, z: 0}
      m_Extent: {x: 100, y: 0, z: 100}
  m_Shapes:
    vertices: []
    shapes: []
    channels: []
    fullWeights: []
  m_BindPose: []
  m_BoneNameHashes: 
  m_RootBoneNameHash: 0
  m_BonesAABB: []
  m_VariableBoneCountWeights:
    m_Data: 
  m_MeshCompression: 0
  m_IsReadable: 1
  m_KeepVertices: 1
  m_KeepIndices: 1
  m_IndexFormat: 0
  m_IndexBuffer: 00000100020000000300010004000300000004000000050001000300060001000600070006000300040006000400080009000400050009000a00040006000b00070006000c000b0004000a000d0004000d0008000e000a0009000e0009000f000d000a000e000d000e00100011000d001000110012000d0013000600080013000c0006000d00130008000d00120013000b000c0014000b001400150014000c001300140013001600130017001600130012001700170011001800170012001100
  m_VertexData:
    serializedVersion: 3
    m_VertexCount: 25
    m_Channels:
    - stream: 0
      offset: 0
      format: 0
      dimension: 3
    - stream: 0
      offset: 12
      format: 0
      dimension: 3
    - stream: 0
      offset: 24
      format: 0
      dimension: 4
    - stream: 0
      offset: 0
      format: 0
      dimension: 0
    - stream: 0
      offset: 40
      format: 0
      dimension: 2
    - stream: 0
      offset: 0
      format: 0
      dimension: 0
    - stream: 0
      offset: 0
      format: 0
      dimension: 0
    - stream: 0
      offset: 0
      format: 0
      dimension: 0
    - stream: 0
      offset: 0
      format: 0
      dimension: 0
    - stream: 0
      offset: 0
      format: 0
      dimension: 0
    - stream: 0
      offset: 0
      format: 0
      dimension: 0
    - stream: 0
      offset: 0
      format: 0
      dimension: 0
    - stream: 0
      offset: 0
      format: 0
      dimension: 0
    - stream: 0
      offset: 0
      format: 0
      dimension: 0
    m_DataSize: 1200
    _typelessdata: a3c6b84200000000c9121942000000000000803f00000000000080bf000000008f29a0b3000080bf00e51b3d75089e3ec812194200000000a3c6b842000000000000803f00000000000080bf000000008f29a0b3000080bf76089e3e00e51b3dde6b8d4200000000de6b8d42000000000000803f00000000000080bf000000009a7a13b4000080bf1af6153e1af6153eefb52a4200000000efb52a42000000000000803f00000000000080bf0000000058ef4ab2000080bfc3be923ec3be923e0000484200000000000080b5000000000000803f00000000000080bf0000000036e661b2000080bf0000803e0000003f0000c8420000000000000000000000000000803f00000000000080bf000000000ad7a3b2000080bf000000000000003ff30435b60000000000004842000000000000803f00000000000080bf00000000c9c14f32000080bf0000003f0000803ef304b5b6000000000000c842000000000000803f00000000000080bf0000000000000000000080bf0100003f000000000000000000000000000000b6000000000000803f00000000000080bf0000000000000000000080bf0000003f0000003fa3c6b84200000000c91219c2000000000000803f00000000000080bf00000000aab8ff33000080bf00e51b3dc5fb303ff0b52a4200000000efb52ac2000000000000803f00000000000080bf00000000acb87f34000080bfc3be923e9fa0363fca1219c200000000a2c6b842000000000000803f00000000000080bf000000001a5481b2000080bfc5fb303f0ae51b3df0b52ac200000000eeb52a42000000000000803f00000000000080bf00000000efeb6732000080bf9fa0363fc4be923ef304353600000000000048c2000000000000803f00000000000080bf0000000001b4edb3000080bf0000003f0000403fc912194200000000a2c6b8c2000000000000803f00000000000080bf00000000f96fa2b4000080bf75089e3eaf41763fde6b8d4200000000de6b8dc2000000000000803f00000000000080bf00000000f1706bb5000080bf1af6153e7a825a3ff304b536000000000000c8c2000000000000803f00000000000080bf0000000062d3f033000080bfffffff3e0000803fc61219c200000000a2c6b8c2000000000000803f00000000000080bf000000005364ffb2000080bfc5fb303faf41763feeb52ac200000000f0b52ac2000000000000803f00000000000080bf000000006f426233000080bf9fa0363f9fa0363f000048c200000000f30475b6000000000000803f00000000000080bf00000000c9ba8731000080bf0000403f0000003fa3c6b8c200000000c7121942000000000000803f00000000000080bf0000000000292f33000080bfb141763f76089e3edf6b8dc200000000de6b8d42000000000000803f00000000000080bf0000000072502534000080bf7b825a3f1af6153e0000c8c200000000f304b5b6000000000000803f00000000000080bf00000000fcff7f34000080bf0000803f0100003fa2c6b8c200000000cb1219c2000000000000803f00000000000080bf0000000000a28c33000080bfaf41763fc6fb303fdd6b8dc200000000df6b8dc2000000000000803f00000000000080bf0000000095cb9535000080bf78825a3f7b825a3f
  m_CompressedMesh:
    m_Vertices:
      m_NumItems: 0
      m_Range: 0
      m_Start: 0
      m_Data: 
      m_BitSize: 0
    m_UV:
      m_NumItems: 0
      m_Range: 0
      m_Start: 0
      m_Data: 
      m_BitSize: 0
    m_Normals:
      m_NumItems: 0
      m_Range: 0
      m_Start: 0
      m_Data: 
      m_BitSize: 0
    m_Tangents:
      m_NumItems: 0
      m_Range: 0
      m_Start: 0
      m_Data: 
      m_BitSize: 0
    m_Weights:
      m_NumItems: 0
      m_Data: 
      m_BitSize: 0
    m_NormalSigns:
      m_NumItems: 0
      m_Data: 
      m_BitSize: 0
    m_TangentSigns:
      m_NumItems: 0
      m_Data: 
      m_BitSize: 0
    m_FloatColors:
      m_NumItems: 0
      m_Range: 0
      m_Start: 0
      m_Data: 
      m_BitSize: 0
    m_BoneIndices:
      m_NumItems: 0
      m_Data: 
      m_BitSize: 0
    m_Triangles:
      m_NumItems: 0
      m_Data: 
      m_BitSize: 0
    m_UVInfo: 0
  m_LocalAABB:
    m_Center: {x: 0, y: 0, z: 0}
    m_Extent: {x: 100, y: 0, z: 100}
  m_MeshUsageFlags: 0
  m_BakedConvexCollisionMesh: 
  m_BakedTriangleCollisionMesh: 
  m_MeshMetrics[0]: 1
  m_MeshMetrics[1]: 1
  m_MeshOptimizationFlags: 1
  m_StreamData:
    serializedVersion: 2
    offset: 0
    size: 0
    path: 
--- !u!1 &1278540874
GameObject:
  m_ObjectHideFlags: 0
  m_CorrespondingSourceObject: {fileID: 0}
  m_PrefabInstance: {fileID: 0}
  m_PrefabAsset: {fileID: 0}
  serializedVersion: 6
  m_Component:
  - component: {fileID: 1278540876}
  - component: {fileID: 1278540875}
  m_Layer: 0
  m_Name: Directional Light
  m_TagString: Untagged
  m_Icon: {fileID: 0}
  m_NavMeshLayer: 0
  m_StaticEditorFlags: 0
  m_IsActive: 1
--- !u!108 &1278540875
Light:
  m_ObjectHideFlags: 0
  m_CorrespondingSourceObject: {fileID: 0}
  m_PrefabInstance: {fileID: 0}
  m_PrefabAsset: {fileID: 0}
  m_GameObject: {fileID: 1278540874}
  m_Enabled: 1
  serializedVersion: 10
  m_Type: 1
  m_Shape: 0
  m_Color: {r: 1, g: 0.95686275, b: 0.8392157, a: 1}
  m_Intensity: 1
  m_Range: 10
  m_SpotAngle: 30
  m_InnerSpotAngle: 21.80208
  m_CookieSize: 10
  m_Shadows:
    m_Type: 0
    m_Resolution: -1
    m_CustomResolution: -1
    m_Strength: 1
    m_Bias: 0.05
    m_NormalBias: 0.4
    m_NearPlane: 0.2
    m_CullingMatrixOverride:
      e00: 1
      e01: 0
      e02: 0
      e03: 0
      e10: 0
      e11: 1
      e12: 0
      e13: 0
      e20: 0
      e21: 0
      e22: 1
      e23: 0
      e30: 0
      e31: 0
      e32: 0
      e33: 1
    m_UseCullingMatrixOverride: 0
  m_Cookie: {fileID: 0}
  m_DrawHalo: 0
  m_Flare: {fileID: 0}
  m_RenderMode: 0
  m_CullingMask:
    serializedVersion: 2
    m_Bits: 4294967295
  m_RenderingLayerMask: 1
  m_Lightmapping: 4
  m_LightShadowCasterMode: 0
  m_AreaSize: {x: 1, y: 1}
  m_BounceIntensity: 1
  m_ColorTemperature: 6570
  m_UseColorTemperature: 0
  m_BoundingSphereOverride: {x: 0, y: 0, z: 0, w: 0}
  m_UseBoundingSphereOverride: 0
  m_UseViewFrustumForShadowCasterCull: 1
  m_ShadowRadius: 0
  m_ShadowAngle: 0
--- !u!4 &1278540876
Transform:
  m_ObjectHideFlags: 0
  m_CorrespondingSourceObject: {fileID: 0}
  m_PrefabInstance: {fileID: 0}
  m_PrefabAsset: {fileID: 0}
  m_GameObject: {fileID: 1278540874}
  m_LocalRotation: {x: 0.40821788, y: -0.23456968, z: 0.10938163, w: 0.8754261}
  m_LocalPosition: {x: 0, y: 3, z: 0}
  m_LocalScale: {x: 1, y: 1, z: 1}
  m_Children: []
  m_Father: {fileID: 0}
  m_RootOrder: 2
  m_LocalEulerAnglesHint: {x: 50, y: -30, z: 0}
--- !u!1 &1613544732
GameObject:
  m_ObjectHideFlags: 0
  m_CorrespondingSourceObject: {fileID: 0}
  m_PrefabInstance: {fileID: 0}
  m_PrefabAsset: {fileID: 0}
  serializedVersion: 6
  m_Component:
  - component: {fileID: 1613544735}
  - component: {fileID: 1613544734}
  - component: {fileID: 1613544733}
  m_Layer: 0
  m_Name: Main Camera
  m_TagString: MainCamera
  m_Icon: {fileID: 0}
  m_NavMeshLayer: 0
  m_StaticEditorFlags: 0
  m_IsActive: 1
--- !u!81 &1613544733
AudioListener:
  m_ObjectHideFlags: 0
  m_CorrespondingSourceObject: {fileID: 0}
  m_PrefabInstance: {fileID: 0}
  m_PrefabAsset: {fileID: 0}
  m_GameObject: {fileID: 1613544732}
  m_Enabled: 1
--- !u!20 &1613544734
Camera:
  m_ObjectHideFlags: 0
  m_CorrespondingSourceObject: {fileID: 0}
  m_PrefabInstance: {fileID: 0}
  m_PrefabAsset: {fileID: 0}
  m_GameObject: {fileID: 1613544732}
  m_Enabled: 1
  serializedVersion: 2
  m_ClearFlags: 1
  m_BackGroundColor: {r: 0.19215687, g: 0.3019608, b: 0.4745098, a: 0}
  m_projectionMatrixMode: 1
  m_GateFitMode: 2
  m_FOVAxisMode: 0
  m_SensorSize: {x: 36, y: 24}
  m_LensShift: {x: 0, y: 0}
  m_FocalLength: 50
  m_NormalizedViewPortRect:
    serializedVersion: 2
    x: 0
    y: 0
    width: 1
    height: 1
  near clip plane: 0.3
  far clip plane: 1000
  field of view: 60
  orthographic: 0
  orthographic size: 5
  m_Depth: -1
  m_CullingMask:
    serializedVersion: 2
    m_Bits: 4294967295
  m_RenderingPath: -1
  m_TargetTexture: {fileID: 0}
  m_TargetDisplay: 0
  m_TargetEye: 3
  m_HDR: 1
  m_AllowMSAA: 1
  m_AllowDynamicResolution: 0
  m_ForceIntoRT: 0
  m_OcclusionCulling: 1
  m_StereoConvergence: 10
  m_StereoSeparation: 0.022
--- !u!4 &1613544735
Transform:
  m_ObjectHideFlags: 0
  m_CorrespondingSourceObject: {fileID: 0}
  m_PrefabInstance: {fileID: 0}
  m_PrefabAsset: {fileID: 0}
  m_GameObject: {fileID: 1613544732}
  m_LocalRotation: {x: 0, y: 0, z: 0, w: 1}
  m_LocalPosition: {x: 0, y: 1, z: -10}
  m_LocalScale: {x: 1, y: 1, z: 1}
  m_Children: []
  m_Father: {fileID: 0}
  m_RootOrder: 0
  m_LocalEulerAnglesHint: {x: 0, y: 0, z: 0}
--- !u!1 &1649330536
GameObject:
  m_ObjectHideFlags: 0
  m_CorrespondingSourceObject: {fileID: 0}
  m_PrefabInstance: {fileID: 0}
  m_PrefabAsset: {fileID: 0}
  serializedVersion: 6
  m_Component:
  - component: {fileID: 1649330539}
  - component: {fileID: 1649330538}
  - component: {fileID: 1649330537}
  m_Layer: 0
  m_Name: Terrain
  m_TagString: Untagged
  m_Icon: {fileID: 0}
  m_NavMeshLayer: 0
  m_StaticEditorFlags: 4294967295
  m_IsActive: 1
--- !u!154 &1649330537
TerrainCollider:
  m_ObjectHideFlags: 0
  m_CorrespondingSourceObject: {fileID: 0}
  m_PrefabInstance: {fileID: 0}
  m_PrefabAsset: {fileID: 0}
  m_GameObject: {fileID: 1649330536}
  m_Material: {fileID: 0}
  m_Enabled: 1
  m_TerrainData: {fileID: 15600000, guid: aaecc3a9f25abe74f93f47d5d8151f36, type: 2}
  m_EnableTreeColliders: 1
--- !u!218 &1649330538
Terrain:
  m_ObjectHideFlags: 0
  m_CorrespondingSourceObject: {fileID: 0}
  m_PrefabInstance: {fileID: 0}
  m_PrefabAsset: {fileID: 0}
  m_GameObject: {fileID: 1649330536}
  m_Enabled: 1
  serializedVersion: 6
  m_TerrainData: {fileID: 15600000, guid: aaecc3a9f25abe74f93f47d5d8151f36, type: 2}
  m_TreeDistance: 5000
  m_TreeBillboardDistance: 50
  m_TreeCrossFadeLength: 5
  m_TreeMaximumFullLODCount: 50
  m_DetailObjectDistance: 80
  m_DetailObjectDensity: 1
  m_HeightmapPixelError: 5
  m_SplatMapDistance: 1000
  m_HeightmapMaximumLOD: 0
  m_ShadowCastingMode: 2
  m_DrawHeightmap: 1
  m_DrawInstanced: 0
  m_DrawTreesAndFoliage: 1
  m_ReflectionProbeUsage: 1
  m_MaterialTemplate: {fileID: 10652, guid: 0000000000000000f000000000000000, type: 0}
  m_BakeLightProbesForTrees: 1
  m_PreserveTreePrototypeLayers: 0
  m_DeringLightProbesForTrees: 1
  m_ScaleInLightmap: 0.0256
  m_LightmapParameters: {fileID: 15203, guid: 0000000000000000f000000000000000, type: 0}
  m_GroupingID: 0
  m_RenderingLayerMask: 1
  m_AllowAutoConnect: 1
--- !u!4 &1649330539
Transform:
  m_ObjectHideFlags: 0
  m_CorrespondingSourceObject: {fileID: 0}
  m_PrefabInstance: {fileID: 0}
  m_PrefabAsset: {fileID: 0}
  m_GameObject: {fileID: 1649330536}
  m_LocalRotation: {x: 0, y: 0, z: 0, w: 1}
  m_LocalPosition: {x: 0, y: 0, z: 0}
  m_LocalScale: {x: 1, y: 1, z: 1}
  m_Children: []
  m_Father: {fileID: 0}
  m_RootOrder: 3
  m_LocalEulerAnglesHint: {x: 0, y: 0, z: 0}
